@misc{catchorg-no-date,
  author = {Catchorg},
  title  = {{GitHub - catchorg/Catch2: A modern, C++-native, test framework for unit-tests, TDD and BDD - using C++14, C++17 and later (C++11 support is in v2.x branch, and C++03 on the Catch1.x branch)}},
  url    = {https://github.com/catchorg/Catch2}
}

@misc{MemoryAlloc-no-date,
  title = {{CS 221}},
  url   = {https://www.cs.uah.edu/~rcoleman/Common/C_Reference/MemoryAlloc.html}
}

@misc{bogosavljevic-2022-simd,
  author = {BogosavljeviÄ‡, Ivica},
  month  = {3},
  title  = {{Crash course introduction to parallelism: SIMD Parallelism}},
  year   = {2022},
  url    = {https://johnnysswlab.com/crash-course-introduction-to-parallelism-simd-parallelism/}
}

@misc{wikipedia-contributors-2025-simd,
  author = {Wikipedia contributors},
  month  = {2},
  title  = {{Single instruction, multiple data}},
  year   = {2025},
  url    = {https://en.wikipedia.org/wiki/Single_instruction,_multiple_data}
}

@article{lecun2010mnist,
  title   = {MNIST handwritten digit database},
  author  = {LeCun, Yann and Cortes, Corinna and Burges, CJ},
  journal = {ATT Labs [Online]. Available: http://yann.lecun.com/exdb/mnist},
  volume  = {2},
  year    = {2010}
}
